<record><leader>00000cas a2200000 a 4500</leader><controlfield tag="001">12886383</controlfield><controlfield tag="008">851209d18831888ksuwr ne      0    0eng d</controlfield><datafield ind1=" " ind2=" " tag="010"><subfield code="a">sn 85067015 </subfield></datafield><datafield ind1=" " ind2=" " tag="040"><subfield code="a">KSH</subfield><subfield code="b">eng</subfield><subfield code="c">KSH</subfield><subfield code="d">NPT</subfield><subfield code="d">DLC</subfield><subfield code="d">CNW</subfield><subfield code="d">OCL</subfield><subfield code="d">OCLCQ</subfield><subfield code="d">OCLCF</subfield><subfield code="d">OCLCO</subfield></datafield><datafield ind1="1" ind2=" " tag="029"><subfield code="a">AU@</subfield><subfield code="b">000022170591</subfield></datafield><datafield ind1=" " ind2=" " tag="042"><subfield code="a">msc</subfield></datafield><datafield ind1="0" ind2="0" tag="050"><subfield code="a">Newspaper</subfield></datafield><datafield ind1="0" ind2=" " tag="130"><subfield code="a">Weekly commonwealth (Topeka, Kan.)</subfield></datafield><datafield ind1="0" ind2="4" tag="245"><subfield code="a">The weekly commonwealth.</subfield></datafield><datafield ind1="1" ind2="3" tag="246"><subfield code="a">Commonwealth</subfield></datafield><datafield ind1=" " ind2=" " tag="260"><subfield code="a">Topeka, Kan. :</subfield><subfield code="b">Commonwealth Pub. Co.,</subfield><subfield code="c">1883-1888.</subfield></datafield><datafield ind1=" " ind2=" " tag="300"><subfield code="a">5 v. :</subfield><subfield code="b">ill. ;</subfield><subfield code="c">60 cm.</subfield></datafield><datafield ind1=" " ind2=" " tag="310"><subfield code="a">Weekly</subfield></datafield><datafield ind1="0" ind2=" " tag="362"><subfield code="a">No. 763 (July 19, 1883)-no. 1035 (Nov. 1, 1888).</subfield></datafield><datafield ind1=" " ind2=" " tag="500"><subfield code="a">"Republican."</subfield></datafield><datafield ind1=" " ind2=" " tag="530"><subfield code="a">Also available on microfilm from Kansas State Historical Society.</subfield></datafield><datafield ind1=" " ind2="0" tag="651"><subfield code="a">Topeka (Kan.)</subfield><subfield code="v">Newspapers.</subfield></datafield><datafield ind1=" " ind2="7" tag="655"><subfield code="a">Newspapers.</subfield><subfield code="2">fast</subfield><subfield code="0">(OCoLC)fst01423814</subfield></datafield><datafield ind1=" " ind2="7" tag="651"><subfield code="a">Kansas</subfield><subfield code="z">Topeka.</subfield><subfield code="2">fast</subfield><subfield code="0">(OCoLC)fst01207212</subfield></datafield><datafield ind1=" " ind2=" " tag="752"><subfield code="a">United States</subfield><subfield code="b">Kansas</subfield><subfield code="c">Shawnee</subfield><subfield code="d">Topeka.</subfield></datafield><datafield ind1="0" ind2=" " tag="775"><subfield code="t">Daily commonwealth (Topeka, Kan.)</subfield><subfield code="w">(DLC)sn 85067082</subfield></datafield><datafield ind1="0" ind2="0" tag="780"><subfield code="t">Commonwealth (Topeka, Kan. : Weekly)</subfield><subfield code="w">(DLC)sn 85067014</subfield></datafield><datafield ind1="0" ind2="7" tag="785"><subfield code="t">Weekly capital and farmers journal</subfield><subfield code="w">(DLC)sn 85032055</subfield></datafield><datafield ind1="0" ind2="7" tag="785"><subfield code="t">Weekly capital-commonwealth</subfield><subfield code="w">(DLC)sn 82014809</subfield></datafield></record>